<?xml version="1.0" encoding="UTF-8"?><collection xmlns="http://www.loc.gov/MARC21/slim"><record><leader>00420nam--2200145-i-4500</leader><controlfield tag="001">000007043</controlfield><controlfield tag="002">20161230</controlfield><controlfield tag="005">20161230201027</controlfield><controlfield tag="008">060222s1000------------r-----000-0-eng-d</controlfield><datafield ind1=" " ind2=" " tag="080"><subfield code="a">543.53</subfield></datafield><datafield ind1=" " ind2=" " tag="100"><subfield code="a">Adams, F., Hoste, J.And Speecke, A</subfield></datafield><datafield ind1=" " ind2=" " tag="245"><subfield code="a">Determination of silver in lead by neutron- activation analysis</subfield></datafield><datafield ind1=" " ind2=" " tag="260"><subfield code="a">Brussel, Studiecentrum Voor Kernenergie, 1963 1243-1249 Pp</subfield></datafield><datafield ind1=" " ind2=" " tag="490"><subfield code="a">257</subfield></datafield><datafield ind1=" " ind2=" " tag="852"><subfield code="a">15380</subfield></datafield></record></collection>